@inproceedings{ulyantsev-efsm-sat,
 author = {Vladimir Ulyantsev and Fedor Tsarev},
 title = {{Extended Finite-State Machine Induction Using SAT-Solver}},
 booktitle={Proceedings of the 10th International Conference on Machine Learning and Applications},
 volume = {2},
 isbn = {978-0-7695-4607-0},
 year = {2011},
 pages = {346-349},
 doi = {http://doi.ieeecomputersociety.org/10.1109/ICMLA.2011.166},
 url = {http://doi.ieeecomputersociety.org/10.1109/ICMLA.2011.166},
 publisher = {IEEE Computer Society},
 address = {Los Alamitos, CA, USA},
}
 
@inproceedings{muaco-model-checking,
 author = {Chivilikhin, Daniil and Ulyantsev, Vladimir},
 title = {{Inferring Automata-Based Programs from Specification With Mutation-Based Ant Colony Optimization}},
 booktitle = {Proceedings of the 16th Annual Conference Companion on Genetic and Evolutionary Computation companion},
 series = {GECCO companion'14},
 year = {2014},
 location = {Vancouver, Canada},
 publisher = {ACM},
 note = {To appear}
} 

@inproceedings{chivilikhin-ulyantsev-gecco13,
 author = {Chivilikhin, Daniil and Ulyantsev, Vladimir},
 title = {{MuACOsm: a new mutation-based ant colony optimization algorithm for learning finite-state machines}},
 booktitle = {Proceeding of the fifteenth annual conference on Genetic and evolutionary computation conference},
 series = {GECCO '13},
 year = {2013},
 isbn = {978-1-4503-1963-8},
 location = {Amsterdam, The Netherlands},
 pages = {511--518},
 numpages = {8},
 url = {http://doi.acm.org/10.1145/2463372.2463440},
 doi = {10.1145/2463372.2463440},
 acmid = {2463440},
 publisher = {ACM},
 address = {New York, NY, USA},
 keywords = {ant colony optimization, finite-state machine, induction, learning},
}


@book{clarke1999model,
  title={Model checking},
  author={Clarke, Edmund M and Grumberg, Orna and Peled, Doron A},
  year={1999},
  publisher={MIT press}
}



@article{bounded-model-checking,
  author    = {Armin Biere and
               Alessandro Cimatti and
               Edmund M. Clarke and
               Ofer Strichman and
               Yunshan Zhu},
  title     = {Bounded model checking},
  journal   = {Advances in Computers},
  volume    = {58},
  year      = {2003},
  pages     = {117-148},
  ee        = {http://dx.doi.org/10.1016/S0065-2458(03)58003-2},
  bibsource = {DBLP, http://dblp.uni-trier.de}
}


@Book{hmu2006, 
   Author = {Hopcroft, J.E. and Motwani, R. and Ullman, J.D.},
   Title = {{Introduction to Automata Theory, Languages, and Computation}},
   Publisher = {Addison-Wesley},
   Year = {2006}
}

@article{higuera,
  title={A bibliographical study of grammatical inference},
  author={De La Higuera, Colin},
  journal={Pattern recognition},
  volume={38},
  number={9},
  pages={1332--1348},
  year={2005},
  publisher={Elsevier}
}

@article{gold1978,
  title={Complexity of automaton identification from given data},
  author={Gold, E Mark},
  journal={Information and control},
  volume={37},
  number={3},
  pages={302--320},
  year={1978},
  publisher={Elsevier}
}

@article{pitt1993,
  title={{The minimum consistent DFA problem cannot be approximated within any polynomial}},
  author={Pitt, Leonard and Warmuth, Manfred K},
  journal={Journal of the ACM},
  volume={40},
  number={1},
  pages={95--142},
  year={1993},
  publisher={ACM}
}

@incollection{abbadingo1998,
  title={{Results of the Abbadingo one DFA learning competition and a new evidence-driven state merging algorithm}},
  author={Lang, Kevin J and Pearlmutter, Barak A and Price, Rodney A},
  booktitle={Grammatical Inference},
  pages={1--12},
  year={1998},
  publisher={Springer}
}

@incollection{heule2010,
  title={{Exact DFA identification using SAT solvers}},
  author={Heule, Marijn JH and Verwer, Sicco},
  booktitle={Grammatical Inference: Theoretical Results and Applications},
  pages={66--79},
  year={2010},
  publisher={Springer}
}

@inproceedings{gecco2004,
  title={{GECCO 2004 Noisy DFA Results}},
  author={Lucas, Simon},
  year={2004},
  url={http://cswww.essex.ac.uk/staff/sml/gecco/results/NoisyDFA/NoisyDFAResults.html},
  booktitle = {GECCO Proc.}
}

@article{lucas2005,
  title={Learning deterministic finite automata with a smart state labeling evolutionary algorithm},
  author={Lucas, Simon M and Reynolds, T Jeff},
  journal={Pattern Analysis and Machine Intelligence, IEEE Transactions on},
  volume={27},
  number={7},
  pages={1063--1074},
  year={2005},
  publisher={IEEE}
}

@article{bugalho2005,
  title={Inference of regular languages using state merging algorithms with search},
  author={Bugalho, Miguel and Oliveira, Arlindo L},
  journal={Pattern Recognition},
  volume={38},
  number={9},
  pages={1457--1467},
  year={2005},
  publisher={Elsevier}
}

@TECHREPORT{Lang99,
  author = {Kevin J. Lang},
  title = {{Faster Algorithms for Finding Minimal Consistent DFAs}},
  institution = {},
  year = {1999}
}

@incollection{dupont1994,
  title={{Regular grammatical inference from positive and negative samples by genetic search: the GIG method}},
  author={Dupont, Pierre},
  booktitle={Grammatical Inference and Applications},
  pages={236--245},
  year={1994},
  publisher={Springer}
}

@inproceedings{luke1999,
  title={``Genetic” programming},
  author={Luke, Sean and Hamahashi, Shugo and Kitano, Hiroaki},
  booktitle={Proceedings of the Genetic and Evolutionary Computation Conference},
  volume={2},
  pages={1098--1105},
  year={1999}
}

@inproceedings{lucas2003,
  title={{Learning DFA: evolution versus evidence driven state merging}},
  author={Lucas, Simon M and Reynolds, T Jeff},
  booktitle={Evolutionary Computation, 2003. CEC'03. The 2003 Congress on},
  volume={1},
  pages={351--358},
  year={2003},
  organization={IEEE}
}

@article{walkinshaw2013,
  title={{STAMINA: a competition to encourage the development and assessment of software model inference techniques}},
  author={Walkinshaw, Neil and Lambeau, Bernard and Damas, Christophe and Bogdanov, Kirill and Dupont, Pierre},
  journal={Empirical software engineering},
  volume={18},
  number={4},
  pages={791--824},
  year={2013},
  publisher={Springer}
}

@inproceedings{oliveira2001,
  title={{Efficient Search Techniques for the Inference of Minimum Size Finite Automata}},
  author={Oliveira, Arlindo L. and Silva, Jo{\~a}o P. M.},
  booktitle={Proceedings of the 1998 South American Symposium on String Processing and Information Retrieval},
  pages={81--89},
  year={1998},
  publisher={IEEE Computer Society Press, Los Alamitos}
}

@article{biere2003,
  title={Bounded model checking},
  author={Biere, Armin and Cimatti, Alessandro and Clarke, Edmund M and Strichman, Ofer and Zhu, Yunshan},
  journal={Advances in computers},
  volume={58},
  pages={117--148},
  year={2003},
  publisher={Elsevier}
}

@incollection{lohfert2008,
year={2008},
isbn={978-3-540-69045-0},
booktitle={New Frontiers in Applied Artificial Intelligence},
volume={5027},

series={LNCS},
editor={Nguyen, NgocThanh and Borzemski, Leszek and Grzech, Adam and Ali, Moonis},
doi={10.1007/978-3-540-69052-8_70},
title={{Solving SQL Constraints by Incremental Translation to SAT}},
url={http://dx.doi.org/10.1007/978-3-540-69052-8_70},

keywords={intelligent database systems; satisfiability; constraint analysis; heuristics},
author={Lohfert, Robin and Lu, JamesJ. and Zhao, Dongfang},
pages={669-676},
language={English}
}

@incollection{lambeau2008,
  title={{State-merging DFA induction algorithms with mandatory merge constraints}},
  author={Lambeau, Bernard and Damas, Christophe and Dupont, Pierre},
  booktitle={Grammatical Inference: Algorithms and Applications},
  pages={139--153},
  year={2008},
  publisher={Springer}
}

@article{galeotti2013,
  title={{TACO: Efficient SAT-Based Bounded Verification Using Symmetry Breaking and Tight Bounds}},
  author={Galeotti, Juan P and Rosner, Nicol{\'a}s and Lopez Pombo, Carlos G and Frias, Marcelo F},
  journal={Software Engineering, IEEE Transactions on},
  volume={39},
  number={9},
  pages={1283--1307},
  year={2013},
  publisher={IEEE}
}

@book{chambers2010,
  title={Practical handbook of genetic algorithms: complex coding systems},
  author={Chambers, Lance D},
  volume={3},
  year={2010},
  publisher={CRC press}
}

@book{biere2009,
  title={Handbook of satisfiability},
  author={Biere, Armin and Heule, Marijn and van Maaren, Hans},
  volume={185},
  year={2009},
  publisher={IOS Press}
}

@incollection{amla2005analysis,
  title={{An analysis of SAT-based model checking techniques in an industrial environment}},
  author={Amla, Nina and Du, Xiaoqun and Kuehlmann, Andreas and Kurshan, Robert P and McMillan, Kenneth L},
  booktitle={Correct hardware design and verification methods},
  pages={254--268},
  year={2005},
  publisher={Springer}
}

@inproceedings{ulyantsev2011,
  title={{Extended finite-state machine induction using SAT-solver}},
  author={Ulyantsev, Vladimir and Tsarev, Fedor},
  booktitle={Proc. of ICMLA 2011},
  volume={2},
  pages={346--349},
  year={2011},
  organization={IEEE}
}

@inproceedings{barahona2014,
  title={{Efficient SAT-Encoding of Linear CSP Constraints}},
  author={Barahona, Pedro and H{\"o}lldobler, S and Nguyen, VH},
  booktitle={13rd International Symposium on Artificial Intelligence and Mathematics-ISAIM, Fort Lauderdale, Florida, USA},
  year={2014}
}                                
